<collection xmlns="http://www.loc.gov/MARC21/slim">
<record>
  <leader>01199nam0a22002531i 450 </leader>
  <controlfield tag="001">IT\ICCU\CNCE\034039</controlfield>
  <controlfield tag="005">20110214000000.0</controlfield>
  <datafield tag="012" ind1=" " ind2=" ">
    <subfield code="a">.Ea, d-a- lael test (3) 1596 (A)</subfield>
    <subfield code="2">fei</subfield>
    <subfield code="9">1</subfield>
  </datafield>
  <datafield tag="012" ind1=" " ind2=" ">
    <subfield code="a">o-i, a-re i-d- dife (3) 1596 (A)</subfield>
    <subfield code="2">fei</subfield>
    <subfield code="9">2</subfield>
  </datafield>
  <datafield tag="100" ind1=" " ind2=" ">
    <subfield code="a">19971229d1596        0itac0103    ba</subfield>
  </datafield>
  <datafield tag="101" ind1=" " ind2=" ">
    <subfield code="a">ITA</subfield>
  </datafield>
  <datafield tag="102" ind1=" " ind2=" ">
    <subfield code="a">IT</subfield>
  </datafield>
  <datafield tag="200" ind1="1" ind2=" ">
    <subfield code="a">Combattimento spirituale, ordinato da vn seruo d&apos;Iddio ... aggiuntoui il Sentiero del paradiso</subfield>
  </datafield>
  <datafield tag="210" ind1=" " ind2=" ">
    <subfield code="a">In Firenze</subfield>
    <subfield code="c">nella stamperia del Sermartelli</subfield>
    <subfield code="d">1596</subfield>
  </datafield>
  <datafield tag="215" ind1=" " ind2=" ">
    <subfield code="a">2 pt.</subfield>
    <subfield code="c">ill.</subfield>
    <subfield code="d">12ʻ</subfield>
  </datafield>
  <datafield tag="300" ind1=" " ind2=" ">
    <subfield code="a">Per l&apos;autore cfr.: G. Melzi, Dizionario di opere anonime e pseudonime di scrittori italiani o come che sia aventi relazione all&apos;Italia, v. 1, p. 222</subfield>
  </datafield>
  <datafield tag="423" ind1=" " ind2="0">
    <subfield code="1">001IT\ICCU\CNCE\075661</subfield>
    <subfield code="1">2001 </subfield>
    <subfield code="a">Sentiero del Paradiso</subfield>
  </datafield>
  <datafield tag="620" ind1=" " ind2=" ">
    <subfield code="a">IT</subfield>
    <subfield code="d">Firenze</subfield>
  </datafield>
  <datafield tag="700" ind1=" " ind2="1">
    <subfield code="a">Scupoli,</subfield>
    <subfield code="b">Lorenzo</subfield>
    <subfield code="3">IT\ICCU\CNCA\003414</subfield>
  </datafield>
  <datafield tag="712" ind1="0" ind2="0">
    <subfield code="a">Sermartelli, Michelangelo</subfield>
    <subfield code="3">IT\ICCU\CNCT\000045</subfield>
    <subfield code="4">650</subfield>
  </datafield>
  <datafield tag="790" ind1=" " ind2="1">
    <subfield code="a">Scupolo,</subfield>
    <subfield code="b">Lorenzo</subfield>
    <subfield code="3">IT\ICCU\CNCA\024420</subfield>
    <subfield code="z">Scupoli, Lorenzo</subfield>
  </datafield>
  <datafield tag="791" ind1="0" ind2="0">
    <subfield code="a">Sermartellius, Michaelangelus</subfield>
    <subfield code="3">IT\ICCU\CNCT\005650</subfield>
    <subfield code="z">Sermartelli, Michelangelo</subfield>
  </datafield>
  <datafield tag="801" ind1=" " ind2="3">
    <subfield code="a">IT</subfield>
    <subfield code="b">ICCU</subfield>
    <subfield code="c">20201114</subfield>
  </datafield>
  <datafield tag="899" ind1=" " ind2=" ">
    <subfield code="a">Biblioteca monastica dei padri Benedettini di S. Giovanni Evangelista. Parma</subfield>
    <subfield code="1">PR0073</subfield>
    <subfield code="2">ZPR 05</subfield>
  </datafield>
</record>
</collection>
